<?xml version="1.0" encoding="UTF-8"?><collection xmlns="http://www.loc.gov/MARC21/slim"><record><leader>00542nam--2200193-u-4500</leader><controlfield tag="001">000053452</controlfield><controlfield tag="002">20161230</controlfield><controlfield tag="005">20161230201051</controlfield><controlfield tag="008">110405s1000------------r-----000-0-eng-d</controlfield><datafield ind1=" " ind2=" " tag="020"><subfield code="a">0195173244</subfield></datafield><datafield ind1=" " ind2=" " tag="040"><subfield code="a">IFIN-HH</subfield></datafield><datafield ind1=" " ind2=" " tag="080"><subfield code="a">92</subfield></datafield><datafield ind1="1" ind2=" " tag="100"><subfield code="a">Cropper, William H</subfield></datafield><datafield ind1="1" ind2="0" tag="245"><subfield code="a">Great physicists</subfield><subfield code="b">The life and times of leading physicists from galileo to hawking</subfield><subfield code="c">William h. cropper</subfield></datafield><datafield ind1=" " ind2=" " tag="260"><subfield code="a">Oxford</subfield><subfield code="b">University Press</subfield><subfield code="c">2001</subfield></datafield><datafield ind1=" " ind2=" " tag="300"><subfield code="a">500p</subfield></datafield><datafield ind1=" " ind2="4" tag="650"><subfield code="a">Physicists-biography</subfield></datafield><datafield ind1=" " ind2=" " tag="852"><subfield code="a">81732</subfield><subfield code="c">92</subfield></datafield><datafield ind1=" " ind2=" " tag="CAT"><subfield code="a">Sys</subfield><subfield code="c">20110405</subfield><subfield code="h">131525</subfield></datafield></record></collection>